@article{manual,
    title   = {Lab Manual},
    author  = {SPS},
    note    = {\url{https://www.niser.ac.in/sps/sites/default/files/basic_page/p341_2023/GM-1.pdf}},
    year    = {2022},
    journal = {Website}
  }
@online{ForumAutomation,
    title = {Basics of Geiger-Muller Counter},
    author = {ForumAutomation},
    year = {2018},
    url = {https://forumautomation.com/t/basics-of-geiger-muller-counter/2923},
    note = {Accessed: 7th April 2023}
}
@online{Cs_Half_Life,
    title = {Half-Life of Cesium-137},
    author = {Alaska Department of Environmental Conservation},
    url = {https://dec.alaska.gov/eh/radiation/half-lives-explained/},
    note = {Accessed: 7th April 2023}
}
@article{PhysRev.95.1205,
  title = {Half-Life of Thallium-204},
  author = {Horrocks, D. L. and Voigt, A. F.},
  journal = {Phys. Rev.},
  volume = {95},
  issue = {5},
  pages = {1205--1205},
  numpages = {0},
  year = {1954},
  month = {Sep},
  publisher = {American Physical Society},
  doi = {10.1103/PhysRev.95.1205},
  url = {https://link.aps.org/doi/10.1103/PhysRev.95.1205}
}
