@article{manual,
  title   = {Lab Manual},
  author  = {SPS},
  note    = {\url{https://www.niser.ac.in/sps/sites/default/files/basic_page/p347_2023/7.IV_characeristics_Solarcell.pdf}},
  year    = {2022},
  journal = {Website}
}

@article{Ardila2021,
  title     = {Analysis of I-V Characteristics of a Solar Cell Using LabVIEW},
  author    = {Ardila, J. and Cardenas, A. and Hernandez, H. and Lopez, J.},
  journal   = {Energies},
  volume    = {14},
  number    = {2},
  pages     = {409},
  year      = {2021},
  publisher = {Multidisciplinary Digital Publishing Institute}
}

@article{Prasad2021,
  title     = {I-V Characteristics of a Solar Cell},
  author    = {Prasad, R. K. and Singh, S. P.},
  journal   = {Sustainability of Energy and Environment},
  volume    = {11},
  pages     = {27-39},
  year      = {2021},
  publisher = {Springer}
}

@article{Xu2019,
  title     = {Experiment and analysis of I-V characteristics of solar cells under different illumination conditions},
  author    = {Xu, Y. and Wang, Y. and Lian, K.},
  journal   = {Journal of Physics: Conference Series},
  volume    = {1195},
  number    = {3},
  pages     = {032066},
  year      = {2019},
  publisher = {IOP Publishing}
}
