@article{manual,
    title   = {Lab Manual},
    author  = {SPS},
    note    = {\url{https://www.niser.ac.in/sps/sites/default/files/basic_page/p341_2023/Study_and_construction_of_ADC_and_DAC_circuit.pdf}},
    year    = {2022},
    journal = {Website}
  }
