@article{manual,
    title   = {Lab Manual},
    author  = {SPS},
    note    = {\url{https://www.niser.ac.in/sps/sites/default/files/basic_page/p347_2023/1.Measurement_of_resistivity_and_determination_of_band_gap_using_Four-Probe_method.pdf}},
    year    = {2022},
    journal = {Website}
  }
