@article{manual,
    title   = {Lab Manual},
    author  = {SPS},
    note    = {\url{https://www.niser.ac.in/sps/sites/default/files/basic_page/p341_2023/Rutherford_scattering.pdf}},
    year    = {2022},
    journal = {Website}
  }
