@article{manual,
    title   = {expEYES-17 Manual},
    author  = {project Phonix},
    note    = {\url{https://csparkresearch.in/assets/pdfs/expeyes17.pdf}},
    year    = {2022},
    journal = {Website}
  }
