@article{manual,
    title   = {Lab Manual},
    author  = {SPS},
    note    = {\url{https://google.com}},
    year    = {2022},
    journal = {Website}
  }