@article{sca,
    title   = {SCA Lab Manual},
    author  = {SPS},
    note    = {\url{https://www.niser.ac.in/sps/sites/default/files/basic_page/p341_2023/sca.pdf}},
    year    = {2022},
    journal = {Website}
  }

@article{mca,
    title   = {MCA Lab Manual},
    author  = {SPS},
    note    = {\url{https://www.niser.ac.in/sps/sites/default/files/basic_page/p341_2023/mca.pdf}},
    year    = {2022},
    journal = {Website}
  }
