  @article{manual,
    title   = {Lab Manual},
    author  = {SPS},
    note    = {\url{https://www.niser.ac.in/sps/sites/default/files/basic_page/p347_2023/6.Study_of_phasetransition-BaTIO3.pdf}},
    year    = {2022},
    journal = {Website}
  }

@article{Article,
    title   = {Dielectric Materials},
    author  = {University of Cambridge},
    note    = {\url{ https://www.doitpoms.ac.uk/tlplib/dielectrics/printall.php}},
    year    = {2022},
    journal = {Website}
  }
